@book{beesley03,
  title={Finite-state morphology: {X}erox tools and techniques},
  author={Beesley, K. R. and Karttunen, L.},
  publisher={CSLI, Stanford},
  year={2003}
}

@incollection{swanson21,
  title={Lexd: a {F}inite-{S}tate lexicon compiler for non-suffixational morphologies},
  author={Swanson, D. and Howell, N.},
  year={2021},
  booktitle={Multilingual facilitation},
  page={133--146},
  editor={Hämäläinen, M. and Partanen, N. and Alnajjar, K.}
}


@book{karttunen92,
  title={Two-level rule compiler},
  author={Karttunen, L. and Beesley, K. R.},
  year={1992},
  publisher={Xerox Corporation, Palo Alto Research Center}
}


@unpublished{arakelova21,
  title={Developing morphological analyzers for low-resource languages of the {C}aucasus},
  author={Arakelova, D. and Ignatiev, D.},
  year={2021},
  note={NRU HSE}
}

@unpublished{budilova22,
  title={Morphological parser of {C}hamalal in lexd and twol},
  author={Budilova, Z. A.},
  year={2022},
  note={NRU HSE}
}

@unpublished{kazakova22,
  title={Building a corpus of the {B}ystraja {E}ven language using automatic morphological annotation},
  author={Kazakova, T. B.},
  year={2022},
  note={NRU HSE}
}


@unpublished{buntyakova22,
  title={Morphological parser of {A}ndi in lexd and twol},
  author={Buntyakova, V. A.},
  year={2022},
  note={NRU HSE}
}

@unpublished{burakova22,
  title={Morphological parser of {A}gul in lexd and twol},
  author={Burakova, A. V.},
  year={2022},
  note={NRU HSE}
}

@unpublished{cupery22,
  title={Developing morphological analyzers for low-resource {N}akh-{D}agestani languages},
  author={Cupery, H.  and Philatov, I.},
  year={2022},
  note={NRU HSE}
}

